<record><leader>00000cas a2200000 i 4500</leader><controlfield tag="001">905111466</controlfield><controlfield tag="006">m     o  d        </controlfield><controlfield tag="007">cr |||||||||||</controlfield><controlfield tag="008">150318d18uu1858lauwr neo     0   a0eng  </controlfield><datafield ind1=" " ind2=" " tag="010"><subfield code="a">  2015218593</subfield></datafield><datafield ind1=" " ind2=" " tag="040"><subfield code="a">DLC</subfield><subfield code="b">eng</subfield><subfield code="e">rda</subfield><subfield code="c">DLC</subfield><subfield code="d">DLC</subfield></datafield><datafield ind1=" " ind2=" " tag="019"><subfield code="a">905111525</subfield></datafield><datafield ind1="0" ind2=" " tag="022"><subfield code="a">2377-9411</subfield><subfield code="2">1</subfield></datafield><datafield ind1=" " ind2=" " tag="042"><subfield code="a">pcc</subfield><subfield code="a">nsdp</subfield></datafield><datafield ind1=" " ind2=" " tag="043"><subfield code="a">n-us-la</subfield></datafield><datafield ind1="1" ind2="0" tag="050"><subfield code="a">ISSN RECORD</subfield></datafield><datafield ind1="0" ind2="0" tag="082"><subfield code="a">071</subfield><subfield code="2">23</subfield></datafield><datafield ind1=" " ind2="0" tag="222"><subfield code="a">Thibodaux minerva</subfield><subfield code="b">(Online)</subfield></datafield><datafield ind1="0" ind2="0" tag="245"><subfield code="a">Thibodaux minerva.</subfield></datafield><datafield ind1="1" ind2="3" tag="246"><subfield code="a">Minerve</subfield></datafield><datafield ind1=" " ind2="1" tag="264"><subfield code="a">Thibodaux, Louisiana :</subfield><subfield code="b">White &amp; Anderson</subfield></datafield><datafield ind1=" " ind2=" " tag="300"><subfield code="a">1 online resource</subfield></datafield><datafield ind1=" " ind2=" " tag="310"><subfield code="a">Weekly</subfield></datafield><datafield ind1=" " ind2=" " tag="336"><subfield code="a">text</subfield><subfield code="b">txt</subfield><subfield code="2">rdacontent</subfield></datafield><datafield ind1=" " ind2=" " tag="337"><subfield code="a">computer</subfield><subfield code="b">c</subfield><subfield code="2">rdamedia</subfield></datafield><datafield ind1=" " ind2=" " tag="338"><subfield code="a">online resource</subfield><subfield code="b">cr</subfield><subfield code="2">rdacarrier</subfield></datafield><datafield ind1="1" ind2=" " tag="362"><subfield code="a">Ceased in 1858?</subfield></datafield><datafield ind1=" " ind2=" " tag="515"><subfield code="a">Vol. 10, no. 42 (Oct. 6, 1855) misnumbered no. 50.</subfield></datafield><datafield ind1=" " ind2=" " tag="546"><subfield code="a">Occasionally in English and French.</subfield></datafield><datafield ind1=" " ind2=" " tag="588"><subfield code="a">Description based on: Vol. VIII, number 27 (June 11, 1853); title from masthead (Chroniclingamerica.loc.gov, viewed March 18, 2015).</subfield></datafield><datafield ind1=" " ind2=" " tag="588"><subfield code="a">Latest issue consulted: Volume XI, number 25 (June 7, 1856) (Chroniclingamerica.loc.gov, viewed March 18, 2015).</subfield></datafield><datafield ind1=" " ind2="0" tag="651"><subfield code="a">Thibodaux (La.)</subfield><subfield code="v">Newspapers.</subfield></datafield><datafield ind1=" " ind2="7" tag="651"><subfield code="a">Louisiana</subfield><subfield code="z">Thibodaux.</subfield><subfield code="2">fast</subfield><subfield code="0">(OCoLC)fst01225065</subfield></datafield><datafield ind1=" " ind2="7" tag="655"><subfield code="a">Newspapers.</subfield><subfield code="2">fast</subfield><subfield code="0">(OCoLC)fst01423814</subfield></datafield><datafield ind1=" " ind2=" " tag="752"><subfield code="a">United States</subfield><subfield code="b">Louisiana</subfield><subfield code="c">Lafourche</subfield><subfield code="d">Thibodaux.</subfield></datafield><datafield ind1="0" ind2="8" tag="776"><subfield code="i">Originally issued in print:</subfield><subfield code="t">Thibodaux minerva</subfield><subfield code="x">2377-9403</subfield><subfield code="w">(DLC)sn 86079110</subfield><subfield code="w">(OCoLC)13316540</subfield></datafield><datafield ind1="0" ind2="0" tag="780"><subfield code="t">Minerva (Thibodaux, La.)</subfield></datafield><datafield ind1="4" ind2="0" tag="856"><subfield code="u">http://www.loc.gov/chroniclingamerica/lccn/sn86079110/issues</subfield></datafield></record>